@article{surveillanceetal:2023,
    author          = {Wang, Zhongdao and Zhao, Liang and Wang, Shengjin and Qiu, Zhen and Guo, Bing and Wu, Yihong},
    journal         = {IEEE Transactions on Pattern Analysis and Machine Intelligence},
    number          = {3},
    title           = {Towards Real-Time Multi-Object Tracking},
    volume          = {45},
    year            = {2023},
    pages           = {3219--3236},
    doi             = {10.1109/TPAMI.2022.3178122},
}